@FOOTNOTE{Note1,key="Note1",note="1 parsec (pc) $\simeq 3.261$ a\~nos luz"}
@CONTROL{REVTEX41Control}
@CONTROL{apsrev41Control,author="08",editor="1",pages="0",title="",year="1"}
